2632 4620
349 958 859 1056 rnoonuruu.

494 1140 749 1189 ””“·“····“Ἷ

87 1250 165 1361 Ut
190 1292 245 1359 hic
267 1293 350 1358 liber
373 1291 545 1380 separatim
570 1291 603 1357 in
626 1288 731 1357 lucem
752 1266 913 1382 prodiret,
933 1272 1054 1362 ¹factum
1076 1294 1112 1362 id

91 1428 144 1483 est
166 1428 297 1504 praeter
318 1437 422 1478 meam
440 1413 697 1500 expectationem
712 1423 745 1478 et
762 1414 891 1523 privatis
908 1415 1029 1503 aliquot
1043 1378 1113 1483 tuni

89 1538 174 1604 meis
199 1549 265 1602 tum
289 1535 410 1600 librarii
427 1535 641 1623 redemptoris
656 1546 689 1600 et
705 1535 840 1622 publicis
852 1549 916 1603 tam
935 1523 1112 1613 calamitosi

86 1656 249 1745 temporis
263 1655 445 1722 rationibus.
496 1654 563 1720 Sed
582 1655 781 1734 curabimus,
805 1679 886 1745 quos
903 1660 1035 1727 comites
1052 1663 1110 1731 ad⁴

89 1783 189 1851 ditur!
220 1803 346 1846 eramus
369 1779 633 1857 commentarios,
667 1790 703 1844 ut
724 1791 865 1846 mercatu
894 1782 1015 1849 vernali
1037 1788 1110 1855 anni
1214 1852 1221 1863 .

90 1902 240 1969 instantis
260 1896 456 1988 emptoribus
480 1900 642 1986 prostent;
682 1897 715 1964 in
741 1899 856 1987 quibus
882 1923 953 1967 cum
980 1926 1110 1973 caussas

91 2025 189 2092 etiam
216 2023 417 2109 rationesque
442 2020 621 2108 scripturae
645 2043 666 2085 a
687 2020 779 2084 nobis
802 2033 858 2087 aut
882 2021 914 2087 in
940 2025 1109 2107 verborum

92 2147 240 2212 ordinem
276 2156 427 2232 receptae
463 2155 517 2209 aut
556 2143 588 2208 in
627 2143 835 2208 annotatione
867 2146 1110 2214 commendatae
1166 2232 1172 2241 ,

93 2290 331 2355 nonnumquam
358 2266 538 2330 accuratius
561 2264 659 2331 simus
682 2242 874 2352 exposituri,
905 2267 957 2354 qui
980 2269 1042 2335 hoc
1065 2271 1108 2336 de

92 2388 178 2455 liuro
198 2386 326 2477 publice
349 2389 536 2452 sententiam
561 2385 795 2474 pronuntiaturi
819 2397 908 2464 sunt,
934 2411 991 2453 eos
1009 2413 1108 2479 roga.

90 2530 182 2583 mus,
209 2508 392 2597 priusquam
408 2529 516 2573 secum
532 2511 562 2572 ‘n
579 2502 745 2572 consilium
763 2517 855 2582 eant,
878 2530 958 2595 quos
975 2511 1107 2577 comitas

91 2629 339 2705 destinavimus,
360 2649 470 2692 eorum
487 2639 522 2693 ut
537 2627 708 2694 adventum
725 2640 905 2715 expectent.

176 2749 280 2816 Novis
306 2747 455 2814 subsidiis
483 2766 554 2814 cum
581 2771 686 2837 neque
707 2747 737 2812 in
759 2748 986 2818 Demosthenis
1010 2754 1108 2844 ipsius

90 2892 200 2960 neque
229 2871 260 2934 in
282 2869 540 2934 commentatoris
565 2868 672 2935 verbis
696 2868 901 2934 recensendis
925 2869 973 2937 usi
999 2874 1107 2957 simus,
1134 2920 1163 2951 ι,

89 2990 170 3057 iliud
201 2990 316 3056 saitem
351 3012 410 3077 pro
439 2988 519 3054 virili
548 3001 643 3077 parte
675 2987 871 3068 studuimus,
909 3011 992 3078 quae
1011 3016 1107 3085 supe*

87 3112 211 3178 riorum
245 3109 405 3176 editorum
423 3104 458 3197 ¹)
498 3106 669 3196 diligentia
697 3119 884 3197 comparata
912 3122 1037 3194 essent,
1071 3123 1108 3184 ut

122 3344 156 3412 t)
174 3343 220 3394 De
238 3342 317 3394 libris
337 3344 381 3395 rel
399 3343 589 3414 manuscriptis
609 3340 656 3397 vol
672 3343 877 3415 typothetarum
891 3362 974 3413 opera
989 3347 1105 3402 exaratis

156 3432 334 3483 conferantur
347 3434 461 3503 Tariori
476 3431 566 3482 Praei.
580 3433 609 3482 in
624 3434 705 3484 Dem.
722 3450 765 3501 ap.
774 3430 867 3481 Reislt.
877 3434 982 3503 Appar.
994 3436 1060 3487 crit.
1075 3438 1105 3487 in

158 3522 239 3571 l'cm.
262 3523 293 3583 2,
312 3539 340 3588 p.
359 3521 424 3570 1193
443 3537 503 3587 sqq.
529 3516 577 3585 (i,
600 3539 628 3590 p.
643 3518 679 3569 us
692 3536 752 3585 sqq.
771 3517 814 3569 ed.
829 3516 963 3589 seuseu).
1001 3521 1107 3572 Error-³

156 3621 205 3674 pta
225 3628 240 3659 e
262 3608 318 3675 Ta)
328 3606 377 3656 lori
398 3606 505 3657 schedis
521 3626 567 3674 ap.
588 3607 682 3659 Reislx.
703 3603 780 3656 Orat.
800 3605 847 3655 Gr.
867 3606 900 3670 8,
924 3624 952 3676 p.
972 3604 1023 3658 697
1044 3621 1104 3679 sqq.

154 3697 284 3747 Bruttius
305 3696 392 3746 Praei.
414 3696 446 3746 ad
462 3697 541 3747 item.
559 3696 624 3748 vot.
642 3700 665 3759 l,
685 3714 712 3764 p.
727 3692 744 3744 4
757 3712 815 3762 sqq.
858 3693 896 3744 ld.
911 3695 1055 3747 Annotatt.
1071 3697 1105 3749 ad

154 3784 237 3833 ltanr.
257 3802 287 3853 p.
304 3782 392 3850 iisqq.
413 3782 463 3845 (i.
482 3802 510 3851 p.
529 3786 579 3832 tlt)
593 3802 654 3851 sqq.
669 3782 712 3833 ed.
730 3779 854 3847 Sciraei.)
874 3781 918 3829 Fr.
931 3782 1002 3848 Aug.
1019 3780 1106 3834 Wola

154 3868 207 3921 iius
222 3869 256 3919 ad
275 3870 353 3940 Lept.
369 3889 396 3937 p.
410 3870 460 3920 205
475 3888 533 3938 sqq.
562 3871 666 3920 i'abric.
684 3871 753 3920 utut.
771 3870 816 3919 Gr.
835 3866 990 3917 miliarias
1007 3869 1067 3919 vot.
1078 3872 1103 3929 ⁶2,
1142 3870 1145 3877 '

152 3977 181 4027 p.
196 3958 248 4009 831
265 3976 325 4027 sqq.
357 3958 534 4009 ituttrnannus
547 3958 635 4009 Praei.
658 3957 692 4011 ad
707 3956 774 4007 ntid.
792 3975 820 4026 p.
835 3956 863 4006 X
878 3971 937 4022 sqq.
967 3955 1013 4005 im.
1029 3953 1104 4005 ltela-

151 4046 238 4096 λειω
255 4044 344 4096 Praei.
366 4043 399 4096 ad
420 4045 501 4098 Deru.
526 4062 555 4115 p.
575 4045 593 4100 3
614 4064 655 4115 sq.
698 4046 793 4100 uteru
815 4042 887 4095 Bibl.
909 4039 1053 4095 wocara.
1074 4055 1101 4091 v.

152 4130 303 4186 beracoth·
869 4204 881 4235 ο
905 4206 929 4269 2
