2632 4620
464 395 819 469 nnoonnmn.
1000 390 1004 401 '
1092 427 1149 473 m
1250 365 1254 381 ’

128 609 163 675 p.
185 583 260 651 145
286 577 392 674 sqq),
414 605 508 673 ‚quae
534 584 615 666 vita,
646 587 673 654 si
695 587 746 654 eui
766 591 1068 658 eommentarlorum
1088 589 1145 658 de·
1207 587 1211 593 ’

126 703 284 773 siderium
303 703 469 796 'l'aylorus
485 706 609 788 morit„
625 698 737 777 lenibit
755 681 966 792 desiderium}
993 710 1077 777 adeo
1094 723 1144 776 to·
1272 722 1274 727 ’

127 838 166 897 ts
195 826 307 903 ieiuna
332 837 383 896 est
411 837 445 897 et
470 827 547 895 nihil
568 822 707 920 'praeter
732 830 883 921 vulgaria
910 840 1008 898 tenet.
1074 827 1144 896 Sed

126 948 269 1023 eandem
293 973 365 1040 esse
391 950 693 1020 oommentariorom
719 928 848 1043 quoque
874 963 1022 1020 naturam
1046 950 1169 1028 eriam.
1262 939 1265 947 ’

126 1072 236 1163 magis
258 1072 422 1164 perspexit
447 1073 619 1157 Reishius,
651 1099 726 1143 oum
746 1075 917 1144 Bianoonii
940 1097 1040 1165 opera
1068 1097 1141 1165 spe·
1247 1088 1262 1103 ’·

125 1193 251 1263 hminis
287 1217 404 1263 mussa
437 1196 656 1265 commentarii
691 1199 724 1266 in
751 1197 887 1289 primam
915 1172 1141 1288 Olynthiaoam

125 1338 170 1383 η
199 1316 314 1386 aaa
346 1317 404 1384 un
430 1294 589 1386 varano
622 1317 776 1410 aesopo
809 1317 871 1385 ,aar
900 1318 987 1385 man
1015 1326 1140 1398 aaran
1198 1323 1201 1329 ¹

124 1458 204 1505 nm
228 1439 362 1508 verbum
385 1458 450 1508 non
476 1439 638 1532 repperit,
679 1437 766 1531 quod
792 1439 826 1508 in
854 1437 948 1507 editis
974 1436 1140 1530 Ulpianeis
1259 1414 1262 1421 ²

124 1582 190 1631 noo
210 1560 386 1651 legeretur.
1190 1534 1197 1556 ⁸

201 1701 288 1768 Gom
313 1725 390 1769 vero
414 1701 449 1769 in
467 1724 507 1770 re
528 1701 645 1771 critica
658 1698 744 1767 illud·
760 1710 858 1769 unum
878 1700 990 1792 quaeri
1010 1696 1139 1779 debeat,

124 1819 202 1909 qnid
230 1821 394 1912 scripserit
422 1825 577 1914 scriptor,
610 1796 677 1891 non
708 1821 787 1913 quid
811 1823 955 1890 seribere
981 1818 1138 1899 debuerit,¹

124 1941 221 2010 malui
240 1953 274 2010 et
284 1943 319 2009 in
332 1943 561 2014 Demosthenis
574 1955 608 2014 et
620 1946 653 2012 in
665 1944 796 2035 Ulpiani
810 1944 917 2012 verbis
931 1937 1138 2011 recensendis

124 2062 364 2154 eorreptissims
383 2077 531 2157 quaeque
552 2077 586 2134 et
599 2088 705 2146 sensu
712 2063 811 2134 eassa'
818 2065 1017 2156 relinquere,
1042 2084 1139 2153 quam

104 2187 262 2253 insertas
294 2186 494 2255 coniecturas
519 2188 553 2255 in
580 2188 753 2255 verborum
778 2185 925 2254 ordinem
952 2180 1136 2275 reeipiendo

122 2305 297 2374 lecatoribus
315 2307 423 2374 houm
435 2309 562 2392 saeere3
588 2308 794 2398 nequeenim
811 2306 901 2375 soleo
915 2329 980 2396 ego
992 2316 1136 2373 veterum

123 2438 330 2497 monomenta
351 2440 385 2498 et
402 2431 552 2521 reliquias
573 2431 642 2497 sine
661 2430 768 2519 aliqua
789 2429 947 2518 religione
965 2437 999 2493 et
1015 2424 1136 2517 pietate

123 2551 229 2634 edire3
255 2551 336 2617 illud
355 2563 462 2619 autem
482 2576 547 2620 non
566 2552 733 2642 religionis
756 2549 815 2618 sed
831 2546 1061 2640 superstiu‘onis
1075 2555 1135 2627 est,

123 2685 227 2740 sertas
247 2673 448 2741 coniecturas
469 2685 506 2742 et
522 2684 614 2741 entra
632 2673 863 2740 dubitationem
883 2669 1004 2762 positas
1021 2669 1054 2735 in
1075 2665 1136 2735 ad-

121 2794 318 2862 notationem
335 2794 500 2884 relegare,
524 2797 557 2862 in
572 2805 754 2863 oontertmn
766 2794 880 2883 ipsum,
903 2814 999 2882 quern
1014 2789 1134 2870 dieunt,
1174 2776 1177 2781 ¹
1222 2814 1227 2827 ¹

122 2939 185 2983 son
208 2916 365 3009 recipere.
417 2917 502 2982 Cum
524 2940 600 2983 vero
623 2916 777 2982 librorum
791 2910 1021 2980 Demosthenis
1039 2907 1135 2977 easit

123 3050 254 3119 natura,
280 3048 335 3117 nt,
365 3037 425 3104 etsi
448 3039 509 3099 ΣΥ
519 3061 579 3127 pro
601 3032 880 3126 praestantissimis
901 3029 1040 3099 habendi
1060 3030 1133 3110 sint,
1160 3067 1163 3071 ·
1224 3022 1230 3049 l

120 3168 225 3226 lamen
241 3158 274 3223 in
288 3156 338 3224 his
353 3181 481 3248 quoque
495 3161 570 3226 vitia
583 3158 751 3225 manifesta
765 3145 1047 3246 deprehendantur
1071 3146 1131 3240 (el.
1264 3156 1268 3167 '

122 3280 209 3348 serbi
223 3304 382 3371 caussap.
401 3283 490 3363 148,
517 3291 583 3349 not.
599 3283 633 3349 2.
668 3281 751 3361 176,
771 3280 806 3348 3.
831 3280 966 3360 224,7.
996 3274 1131 3358 235,2.
1164 3318 1182 3327 ·-

75 3424 81 3441 *
120 3400 213 3482 239,
236 3400 297 3493 ὁ),
329 3403 408 3468 nolli
427 3403 582 3471 librorum
603 3402 718 3492 generi
733 3403 778 3470 ita
798 3423 851 3470 me
872 3399 1068 3490 mancipari,
1095 3408 1130 3465 ut

120 3544 182 3590 nou
201 3522 244 3590 de
258 3544 449 3612 unoquoque
465 3524 538 3589 loeo
552 3546 593 3590 ex
608 3523 707 3614 ipsius
720 3507 942 3603 cohaerentia,
967 3543 1008 3586 ex
1021 3541 1130 3609 gram-

117 3645 304 3714 matioorum
327 3646 524 3734 praeseptis,
551 3646 592 3711 ex
608 3643 837 3712 Demosthenis
856 3641 989 3733 ingenio
1005 3651 1038 3706 et
1052 3659 1130 3704 oon-

117 3765 284 3833 suetudine
303 3766 441 3833 liberum
459 3767 533 3834 mihi
549 3765 713 3834 iudicandi
728 3766 894 3834 arbitrium
907 3764 1129 3849 relinquerem.

116 3885 304 3959 Immanueli
324 3889 477 3956 Belslsero
496 3889 583 3978 qnod
603 3899 726 3957 tantum
749 3888 862 3968 tribui,
888 3886 975 3953 ouius
992 3881 1129 3949 anctori-

115 4019 213 4082 urm
239 4011 455 4102 neglegerem
482 4031 671 4101 numquam,
701 4010 761 4078 etsi
786 4031 850 4077 non
876 4008 994 4095 ubique
1013 4023 1127 4089 seque-
