2632 4620
658 78 845 177 ,Ιι

460 333 817 420 nnoommnn.
1095 381 1143 426 vn

122 545 198 613 lsei.
248 537 499 630 Neophytos
522 540 686 623 Duoae,
710 543 765 633 qui
785 566 859 611 oum
881 542 1009 633 reliquis
1029 544 1141 612 Atticis
1175 578 1184 601 v

120 668 308 735 oratoribus
323 677 356 732 et
370 663 778 751 Harpocrationisshexioo
791 663 1044 733 Demosthenem
1057 667 1139 733 eius—
1178 686 1190 705 ··

118 814 185 881 que
215 784 717 855 enarratoremVindob.1812
751 784 867 865 edidit,
901 807 974 852 oum
997 784 1138 853 nondum

117 912 164 979 ad
183 934 300 979 manus
322 933 411 977 meas
432 908 612 997 pervenerit
630 906 746 988 editio,
774 907 899 1000 si'qnid
912 901 988 974 inde
1003 905 1053 975 vel
1066 906 1134 973 De-
1263 970 1271 979 ,
1295 920 1298 929 ·

114 1033 280 1101 mostlneni
300 1031 351 1098 vel
375 1029 516 1119 Ulpiano
537 1028 604 1117 peti
625 1010 831 1097 emolumenti
850 1029 968 1119 possit,
984 1039 1029 1096 nt
1046 1050 1133 1097 oom-
1206 1006 1215 1031 ⁸

113 1154 284 1223 montariis
300 1152 416 1221 nostris
431 1151 591 1217 inseratur
607 1152 799 1218 curabimus.

199 1276 367 1365 Vulgatae
385 1271 515 1339 nomine
538 1294 610 1338 oum
625 1272 721 1338 aliam
736 1272 816 1338 alius
831 1274 1019 1363 scripturam
1032 1276 1131 1365 signi·
1205 1284 1209 1303 ’

111 1400 208 1474 sicet,
251 1388 433 1483 (Taylorus
471 1391 555 1458 enim
583 1391 877 1460 Frankoiurtanam
908 1392 1019 1489 W⁰lffi
1055 1393 1138 1467 anni.
1266 1459 1270 1473 ,
1300 1492 1305 1509 ¹

115 1517 238 1592 1604,
265 1513 418 1580 Reiskius
437 1511 661 1592 Lutetianam,
687 1513 882 1601 posteriores
903 1524 1010 1611 autem
1027 1515 1129 1583 edito-
1189 1528 1193 1537 '

110 1664 167 1706 res
192 1639 381 1726 plerumque
394 1635 606 1737 Reiskianam
630 1657 671 1729 eq
690 1635 818 1701 nomine
829 1632 989 1725 inoioant)
1015 1637 1074 1704 sed
1088 1661 1129 1705 eo
1196 1634 1206 1649 ⁸

109 1763 214 1828 satius
239 1759 313 1825 duxi
336 1759 515 1839 abstinere;
530 1758 596 1837 ,nbi
616 1780 694 1824 usus
713 1781 803 1838 sum,
827 1781 939 1827 omnes
959 1759 1032 1827 libri
1051 1757 1127 1826 editi

107 1894 245 1976 praeter
257 1902 331 1959 eos,
353 1878 407 1968 qui
420 1877 547 1947 disertis
561 1879 666 1946 verbis
679 1878 892 1970 exeipiuntur,
905 1881 948 1949 sd
964 1904 1036 1950 eam
1049 1902 1126 1962 oon-

107 2006 270 2082 sentiunt;
308 2001 438 2067 omnino
464 2000 549 2068 enim
577 2022 714 2089 quorum
739 2000 895 2069 librorum
919 2025 985 2070 non
1005 1999 1135 2072 diserta·
1165 2000 1168 2004 ’

106 2125 232 2195 mentio
253 2122 286 2187 in
304 2121 511 2189 annotatione
529 2119 615 2189 sacta
629 2131 696 2203 est,
717 2144 790 2189 oum
801 2123 959 2213 scriptura
972 2146 994 2189 a
1006 2146 1061 2191 me
1072 2102 1133 2191 res-¹

105 2258 204 2337 nepta
228 2243 349 2309 laoiunt
367 2252 423 2309 aut
441 2240 562 2309 faeere·
573 2243 745 2311 arbitratus
767 2267 856 2326 sum;
880 2245 966 2313 idem
979 2244 1131 2336 intellegi

104 2370 222 2445 selim,
249 2365 303 2431 ubi
327 2385 411 2451 quas
434 2364 592 2453 seriptura
608 2373 684 2431 ante
697 2364 783 2431 himo
796 2365 848 2431 vel
862 2365 951 2432 illum
968 2365 1126 2435 editorem

104 2494 242 2583 nrlgata
274 2486 385 2567 luerit,
417 2486 685 2567 commemorari,
722 2511 805 2577 qnae
829 2498 904 2579 post
929 2510 1019 2570 eum,
1057 2510 1124 2558 non
1206 2568 1216 2589 Ι

103 2608 367 2684 commemoravi.

180 2729 284 2823 Quod
299 2752 378 2797 vero
392 2729 434 2799 sd
448 2729 548 2798 libros
564 2730 689 2800 oalsmo
703 2742 874 2813 exaratos,
898 2749 1125 2821 quommomn·

103 2882 168 2949 qne
186 2856 345 2921 librorum
366 2851 585 2943 discrepantes
600 2853 778 2944 seripturae
790 2877 812 2920 a
824 2850 1041 2942 superioribus
1054 2848 1124 2919 odi,

103 2978 230 3046 toribus
259 2986 458 3049 memoratae
489 2986 597 3056 erant,
624 3000 737 3043 omnes
758 2999 778 3043 a
801 2975 894 3042 nobis
914 2974 1124 3053 oolleotaeet

102 3121 163 3166 sno
186 3097 263 3163 looo
282 3093 456 3186 dispositae
473 3109 556 3163 sunt
603 3097 818 3167 Continentur
830 3094 1060 3186 veroprimum
1072 3095 1121 3162 in-

102 3219 229 3287 dicibus
256 3216 324 3283 sive
352 3216 481 3306 syllabis
506 3217 573 3285 sive
591 3215 808 3310 sartaginibus
828 3219 988 3289 variarum
1009 3218 1122 3286 lectio·

101 3364 196 3415 nam,
222 3361 304 3427 quas
318 3336 452 3420 Aldina,
477 3339 727 3429 Hervagianae,
748 3341 951 3420 Felioianeo,
971 3339 1119 3437 Paulina,

100 3461 268 3527 Wolfiana
288 3459 323 3525 in
348 3459 438 3527 oaloe
457 3460 583 3529 additas
600 3460 738 3542 habent,
759 3485 896 3552 quorum
912 3482 990 3529 vero
1006 3461 1070 3528 sint
1081 3459 1120 3529 li-

98 3583 255 3661 brorum,
288 3580 475 3669 ignoratur,
508 3582 567 3650 nisi
600 3580 687 3673 quod
718 3583 750 3651 in
770 3582 842 3653 Ald.
867 3583 931 3651 ind.
955 3582 999 3652 ad
1024 3580 1066 3649 Τ.
1087 3583 1117 3649 l.

98 3728 129 3793 p.
159 3703 244 3769 155.
269 3726 298 3766 r.
324 3702 380 3770 10.
410 3703 491 3772 haee
511 3704 681 3794 leguntur:
711 3703 743 3768 ἓν
763 3700 849 3789 ἄλλῳ
870 3703 904 3767 δὲ
921 3699 1114 3787 ἀντιγρὰφῳ,

97 3821 192 3901 τρία
214 3820 291 3903 γὰρ
314 3816 495 3903 εἴχομεν,
525 3819 634 3896 οὕτως.
683 3821 863 3891 Wolfianus
888 3829 994 3888 sutem
1021 3817 1116 3888 indos

96 3940 140 4007 Τ.
159 3940 196 4007 6.
223 3963 257 4030 p.
277 3936 349 4005 138
372 3962 392 4005 e
416 3950 616 4028 quattuor
640 3940 772 4011 dirersis
786 3939 948 4009 oodioibus
965 3924 1129 4010 collinus
