2632 4620
185 401 221 463 ι,
500 342 857 509 Pnoonurun.
922 388 927 394 ·

93 562 103 592 ⁵
146 590 148 595 ⁴
181 529 339 650 ¹rtcourate
370 566 543 635 collecta'
534 590 567 633 m
589 512 688 633 oculis
709 500 865 681 lectorum
888 540 1061 636 commodo
1083 565 1218 636 ordine.

144 706 146 711 '
185 657 345 780 disposita
362 699 567 780 ponerentur.
618 667 839 778 Diligentius
831 689 890 779 ugit
891 712 929 755 ur
877 690 1064 757 toontuli
1080 689 1196 779 prinoi—
1215 760 1217 767 ᾗ

188 835 304 903 pem
298 810 493 878 Aldinam
529 810 571 875 ab
606 808 715 900 dldo
746 810 824 896 Rio
862 810 1048 891 Manutio
1081 812 1196 879 Venet.

101 995 104 1004 .
174 930 286 998 '1504
310 928 434 1001 duobus
455 928 667 998 voluminibus
692 929 747 996 sol.
775 928 850 996 min.
869 918 1006 1012 editam3
1040 929 1123 996 hano
1138 928 1204 1017 du3

95 1073 98 1078 ·
187 1051 304 1142 plicem
326 1059 453 1117 constat
475 1073 566 1131 esse,
592 1048 736 1116 eiusdem
754 1049 881 1138 quidem
897 1060 930 1118 et
944 1030 1017 1118 anni
1033 1063 1065 1119 et
1079 1050 1196 1133 mensis

18 1177 23 1187 '
102 1259 105 1270 Ι
144 1268 148 1275 Ι
187 1184 223 1277 et
236 1171 300 1239 diei
314 1196 429 1260 neque
434 1181 540 1239 tamen
557 1174 597 1239 ab
614 1164 797 1240 carceribus
815 1173 857 1239 ad
872 1173 993 1240 calcem
1012 1199 1076 1270 npn
1092 1175 1196 1243 diver-

114 1352 126 1378 „
186 1316 273 1375 sam,
301 1294 334 1360 id
359 1293 447 1382 quod
468 1317 509 1360 ex
529 1295 707 1362 litterarum
724 1295 834 1361 formis
857 1248 1129 1384 discrepantibus,
1155 1316 1196 1361 ex

102 1438 108 1445 ·
185 1437 335 1482 uersuum
357 1414 627 1507 paginarumque
638 1415 765 1515 diversa
789 1415 1003 1505 descriptione
1026 1415 1119 1481 facile
1138 1438 1196 1503 pa-

30 1570 36 1586 ·
68 1622 72 1631 ,
184 1538 477 1619 tet;ou1n-autem
498 1537 671 1603 verborum
695 1537 851 1625 scriptura
873 1536 916 1601 in
930 1546 1078 1633 utroque
1081 1558 1197 1602 exem-

185 1627 259 1749 plo,
286 1657 406 1723 certe
397 1680 431 1722 m
444 1655 586 1723 Midiana
605 1656 769 1761 oratione,
794 1657 863 1723 fere
878 1656 991 1724 eadem
1009 1621 1196 1765 reperiatur,

187 1773 356 1866 (falluntur
370 1777 471 1857 enim,
496 1776 552 1864 qui
566 1753 724 1865 posterius
739 1798 758 1841 e
772 1777 957 1857 melioribus
972 1778 1060 1844 libris
1078 1758 1197 1843 descri-

185 1909 277 1990 ptum
285 1907 422 1965 namant
436 1892 491 1986 ²))
518 1918 600 1986 quae
615 1917 728 1961 caussa
738 1893 866 1960 Aldum
863 1895 1022 1974 moverit,
1044 1904 1079 1962 nt
1066 1895 1196 1975 tdirer-

80 2062 87 2079 κ
185 2022 229 2090 sis
250 2019 360 2087 formis
380 2019 430 2084 bis
451 2017 567 2097 eodem
585 2026 731 2105 tempore
744 1979 998 2082 Demosthenem
1014 2015 1196 2084 describen-

83 2152 87 2175 '
187 2142 263 2210 dum
277 2151 420 2219 curaret,
446 2138 576 2205 difficile
592 2146 642 2204 est
659 2135 843 2203 coniectura
857 2133 1000 2225 assequi,
1026 2161 1130 2225 neque
1145 2161 1196 2204 sa-

151 2346 154 2351 ,
185 2263 363 2342 tisfaciunt,
385 2283 467 2350 quae
480 2261 521 2326 ab
533 2259 668 2335 Reiskio
683 2279 755 2323 eam
768 2257 800 2323 in
813 2281 881 2324 rem
895 2260 1059 2348 proposita
1072 2269 1152 2362 sunt.
1160 2252 1195 2347 ³)

36 2354 87 2425 *s
143 2477 146 2482 Ι
188 2383 343 2450 Ceterum
364 2404 438 2448 cum
459 2378 675 2446 conserendae
689 2377 826 2445 uldinae
843 2379 943 2445 serius
961 2379 1038 2445 mihi
1054 2389 1196 2469 potestas

186 2502 273 2571 facta
295 2491 353 2581 sit,
379 2500 537 2590 quaedam
560 2501 601 2566 ab
625 2498 714 2565 initio
740 2499 876 2565 omissae
891 2509 968 2565 sunt*
976 2498 1195 2587 discrepantes

114 2682 121 2697 ,,
187 2622 382 2711 scripturae,
415 2644 494 2709 quas
522 2620 555 2686 in
581 2618 802 2700 „Addendis“
828 2643 886 2685 suo
908 2619 980 2684 loco
1002 2618 1103 2707 posui.
1156 2612 1195 2685 lu

106 2726 109 2733 ¹
186 2740 271 2807 notis
291 2742 370 2807 meis
395 2736 525 2821 „Ald.“
554 2741 656 2807 solum
679 2739 830 2828 scripturn
855 2750 922 2818 est,
953 2739 1007 2805 ubi
1029 2749 1196 2825 utrumque

173 2863 367 2953 [exemplum
388 2865 559 2954 conspirat.
607 2863 689 2928 Post
710 2862 857 2930 Aldinam
876 2873 1044 2951 utramque
1065 2858 1108 2925 ad
1128 2874 1194 2925 mass

187 3005 247 3052 nua
261 2985 338 3052 mihi
354 2996 430 3052 erat.
447 2984 720 3072 Herva'giana
740 2985 882 3073 prima,
908 2988 990 3073 quae
1004 2980 1193 3049 Demosthe-

120 3093 125 3119 '
186 3127 261 3173 nem
284 3105 377 3173 simul
401 3129 473 3172 eum
495 3103 883 3194 Ulpiani'commentariis
903 3102 1143 3192 comprehendit
1163 3114 1192 3197 et

104 3226 111 3249 ²
185 3227 337 3296 Basileae
359 3252 401 3294 m.
418 3227 600 3317 Septembri
627 3225 723 3292 1532
748 3228 801 3294 fol.
825 3227 898 3294 min.
920 3250 980 3316 per
999 3224 1061 3292 Io.
1085 3225 1190 3290 Her-

138 3333 144 3345 ·
186 3350 351 3440 vagiunt
371 3349 456 3417 edita
473 3359 530 3418 est.
554 3350 676 3416 *Hanc
689 3350 860 3440 intellegas
872 3349 975 3429 velim,
996 3348 1051 3415 ubi
1062 3347 1096 3434 in
1113 3346 1189 3448 notis

185 3501 399 3517 m

61 3656 65 3667 1
222 3586 255 3655 2)
275 3588 381 3641 Harles.
394 3588 495 3641 Introd.
511 3590 539 3640 in
554 3591 618 3643 hist.
633 3582 759 3659 ling.1Gr.
778 3590 805 3656 l,
826 3608 855 3656 p.
870 3585 947 3653 418„
970 3588 1027 3640 alii.

220 3670 254 3747 3)
271 3677 359 3729 Praei.
379 3675 414 3726 ad
426 3677 505 3728 Dem.
519 3680 585 3731 Vol.
600 3680 631 3744 1,
653 3678 756 3746 p.V11.
773 3695 801 3746 p.
817 3677 956 3728 LXXXV
967 3693 1026 3743 sqq.
1046 3691 1050 3699 ·
1064 3668 1152 3751 Aldus
1163 3676 1186 3723 ir

117 3766 130 3778 '¹
256 3763 425 3835 praefatione
439 3763 504 3815 hoec
517 3767 617 3833 posuit,
632 3783 702 3832 quae
717 3762 751 3814 ad
765 3762 892 3816 editionis
907 3754 1043 3814 historiam
1055 3770 1177 3828 spectant

255 3850 332 3917 „sed
345 3861 385 3901 tot
399 3848 428 3899 id
441 3851 507 3901 mihi
515 3854 633 3904 tentanti
644 3851 800 3922 alc'cideruht
809 3852 1010 3921 impedimenta,
1023 3857 1052 3895 ut
1062 3865 1184 3916 persaepr

258 3935 356 3989 eicudi
372 3947 481 4004 coeptas
499 3939 691 3993 intermiserim
709 3936 743 3977 ’-
757 3941 845 3991 tetiam
859 3933 1002 4006 admodum
1015 3949 1096 4000 quam
1108 3952 1183 4002 pauca

206 4050 229 4063 ἰ
258 4043 350 4078 earum
384 4026 536 4095 orationum
567 4026 693 4096 exemplu
723 4024 903 4099 imprimenda
932 4021 1081 4085 curaverim
1111 4020 1183 4091 idqm

256 4109 403 4168 coactus-‘⁶
1030 4122 1033 4129 ·

715 4236 722 4271 Ι
