2632 4620
37 346 190 476 jsu
349 383 351 394 ¹
484 331 923 473 arroensium·
1059 438 1061 445 .
1191 435 1195 444 ,

19 578 23 597 ’·
147 564 344 651 ¹Sounio.¹
367 568 654 659 Hieronymus
676 526 961 638 wolfius-dum
982 542 1171 658 aliquotiens
1191 532 1195 543 .

158 686 385 771 Demosthenis
395 742 396 748 1
406 660 578 757 editionem
601 688 774 769 curaverit,
801 710 866 779 ego
885 713 924 755 eo
941 713 1015 757 usus
1032 715 1101 759 sum
1118 716 1171 758 ex-

160 814 285 904 emplo,
307 814 407 903 .q'uod
430 786 489 882 suo
512 814 628 881 merito
651 814 802 903 optimum
824 813 925 882 fertur
946 839 986 882 ex
1003 817 1172 884 Wolfianis

39 995 42 1009 ,
65 940 75 961 “
160 958 250 1016 esse,
270 936 304 1003 id
319 936 408 1017 dieo,
432 936 519 1026 quod
536 959 593 1003 sex
607 935 819 1003 voluminibus
831 935 889 1004 iol,
908 937 1058 1004 Basileae
1075 937 1172 1004 1572

64 1072 76 1099 ·
161 1053 281 1125 editum
309 1067 367 1124 est
425 1057 565 1145 Praeter
585 1057 644 1124 has
668 1057 862 1146 antiquiores
887 1056 1059 1136 editiones,
1091 1080 1174 1146 quaa

108 1189 112 1207 ¹
159 1177 321 1266 scriptura
347 1179 556 1270 'Pay'loro,
587 1179 642 1269 'qui
667 1179 842 1272 Midiauarn
862 1178 912 1245 bis
932 1178 1173 1268 cantabrigiae,
1205 1212 1208 1221 ·

64 1331 65 1336 ¹
133 1340 136 1345 ·
164 1307 198 1366 et
220 1299 328 1368 1747.
349 1302 385 1370 8.
408 1325 473 1371 una
494 1325 568 1370 oum
580 1302 764 1370 Leocratea
777 1301 924 1393 Lycurgi
944 1312 976 1368 et
992 1268 1089 1367 1748
1109 1290 1190 1402 uua

53 1460 78 1475 ··
137 1412 140 1419 ¹
162 1430 236 1492 oum
258 1425 419 1527 plerisque
434 1408 664 1494 Demosthenis
686 1424 883 1493 orationibus
906 1423 1094 1490 iudiciorum
1115 1446 1175 1513 pu-

79 1590 81 1595 ι
162 1545 320 1615 hlieorum
334 1547 451 1629 edidit,
473 1573 556 1638 quae
570 1532 727 1639 scriptura
749 1547 950 1614 Ieremias
970 1547 1175 1615 Marklan-

34 1701 50 1756 χ
164 1666 213 1734 do
239 1681 273 1735 et
297 1668 462 1736 lacobo
486 1670 653 1749 Iurino,
687 1692 823 1758 quorum
845 1670 1064 1737 annotationes
1085 1669 1176 1758 'Pay-

163 1787 432 1869 lorodebemus,
462 1814 544 1879 quae
569 1789 730 1855 Iacobo
755 1771 951 1870 Reiskio,
982 1793 1035 1879 qui
1053 1791 1176 1857 Demo-

8 1916 11 1922 “
77 1956 79 1960 ,
165 1909 310 2009 sthenem
335 1911 467 2002 Lipsiae
497 1909 581 1979 iutra
612 1933 714 1976 annos
745 1911 842 1976 17711
873 1922 906 1977 et
943 1910 1055 1990 1775,
1092 1934 1177 1999 quae

1 2087 3 2091 ,
127 2096 130 2102 ,
166 2031 423 2120 Spaldingo,
448 2032 502 2122 qui
517 2030 693 2098 Midianam
708 2029 983 2097 Berolniwes.
1009 2032 1042 2098 8.
1066 2030 1177 2114 edidit,

165 2176 249 2244 quae
273 2154 386 2222 Phil.
415 2155 689 2235 Buttmanno,
729 2155 783 2244 qui
813 2177 878 2219 non
909 2163 976 2220 tam
1006 2154 1176 2247 Spaldirigi

165 2274 337 2344 editionem
348 2262 557 2367 repetendam
574 2273 712 2357 curarit}
740 2298 836 2366 quam
848 2275 944 2366 plane
956 2298 1072 2344 novam
1088 2275 1177 2346 nsttss

165 2398 226 2467 tuit
247 2409 280 2466 et
300 2376 578 2490 praestantissimis
598 2399 850 2479 commentariis,
878 2399 1063 2466 excursibus
1082 2411 1115 2469 et
1129 2402 1178 2468 iu-

166 2517 289 2597 dicibus
318 2521 444 2588 ornavit
474 2514 602 2610 (Berol.
627 2520 735 2587 1823.
758 2517 829 2610 81),
863 2543 946 2609 quae
974 2520 1045 2588 Im.
1070 2521 1179 2588 Bek-

165 2639 267 2707 kero
287 2635 456 2732 (usurpavi
470 2651 577 2708 autem
592 2641 660 2707 eius
674 2641 820 2708 editionis
834 2641 867 2707 id
883 2642 1070 2731 exemplum,
1091 2641 1179 2730 quod

165 2758 392 2829 Berolinenses
413 2777 533 2854 operae
549 2761 657 2830 1823.
672 2764 706 2829 8.
723 2740 975 2850 enarraverunt),
994 2784 1077 2851 quae
1090 2754 1179 2829 deni·-

166 2903 230 2973 que
258 2883 415 2973 scriptura
445 2852 692 2950 Godoiredo
723 2882 911 2951 Honrioo
945 2882 1177 2951 Sohaeiero

17 3015 22 3029 ’
65 3066 73 3073 .
115 3049 127 3077 .
167 3015 355 3093 apparatum
389 3005 536 3074 oritieum
569 3015 603 3073 et
629 3004 833 3094 exegetieum
862 3003 905 3070 ad
930 3003 1179 3073 Demosthenem

167 3119 306 3216 ordoque
325 3126 536 3194 voluminibus
549 3125 690 3194 Londini
710 3126 752 3194 ab
770 3148 854 3193 anno
867 3113 944 3192 inde
962 3126 1116 3192 1821.-
1129 3128 1178 3193 27

85 3242 90 3323 s
169 3250 351 3315 recensenti·
368 3252 504 3338 probata
525 3259 611 3329 erat,
634 3248 807 3340 diiigenter
818 3248 945 3316 enotavi
960 3272 1002 3314 ne
1016 3249 1098 3315 vitiis
1111 3249 1179 3337 qui-

170 3366 244 3436 dem
272 3369 447 3438 manifestis
473 3371 607 3439 omissis.
663 3371 780 3458 Neque
814 3370 945 3461 neglexi
975 3366 1031 3436 'vel
1065 3371 1184 3441 Guil,

141 3472 434 3571 ‘Dindorfum,
467 3493 520 3579 qui
549 3472 802 3564 Demosthenem
829 3490 961 3579 Lipsiae
987 3491 1099 3586 1825,
1128 3491 1178 3556 rel

133 3596 135 3601 ⁵
170 3615 212 3679 G.
236 3617 274 3681 Α.
293 3613 517 3690 Blumium,
548 3613 603 3702 qui
616 3610 789 3711 Midianam
811 3613 988 3679 orationem
1002 3610 1178 3679 Stralsund.

71 3820 73 3825 y
172 3738 279 3804 1827.
296 3736 329 3802 8.
349 3735 462 3814 edidit,
488 3734 538 3800 vel
563 3732 680 3825 siquis
699 3734 766 3798 sive
789 3731 865 3800 data
884 3756 983 3825 opera
1004 3732 1068 3796 sive
1084 3755 1179 3821 prae-

22 3924 26 3931 .
119 3848 123 3865 ²
170 3840 287 3925 teiieus
301 3858 344 3924 de
356 3857 420 3924 iooi
433 3854 565 3931 alieuius
577 3855 741 3953 scriptura¹
749 3853 898 3925 iudicium
913 3853 1044 3930 tulerat,
1069 3874 1178 3940 quam-

171 3998 265 4068 quam
286 3979 400 4047 horum
422 3977 559 4047 tortasse
578 3977 681 4051 rarius
705 3996 799 4066 quam
823 3997 882 4067 par
903 3958 1180 4042 erat'mentiouem
